@article{particle,
title="An exactly conservative particle method for one-dimensional scalar conservation laws",
author="Y. Farjoun and B. Seibold",
journal="Journal of Computational Physics", 
volume = "228", 
number = "14", 
pages="5298--5315",
year="2009"
}

@article{julia,
  author    = {Jeff Bezanson and
               Stefan Karpinski and
               Viral B. Shah and
               Alan Edelman},
  title     = {Julia: {A} Fast Dynamic Language for Technical Computing},
  journal   = {CoRR},
  volume    = {abs/1209.5145},
  year      = {2012},
  url       = {http://arxiv.org/abs/1209.5145},
  timestamp = {Wed, 10 Oct 2012 21:28:55 +0200},
  biburl    = {http://dblp.uni-trier.de/rec/bib/journals/corr/abs-1209-5145},
  bibsource = {dblp computer science bibliography, http://dblp.org}
}
